@article{naur1969software,
	  title={Software Engineering: Report of a conference sponsored by the NATO Science Committee, Garmisch, Germany, 7-11 Oct. 1968, Brussels, Scientific Affairs Division, NATO},
	  author={Naur, Peter and Randell, Brian},
	  year={1969}
}

@phdthesis{meirelles2013monitoramento,
	 title={Monitoramento de m{\'e}tricas de c{\'o}digo-fonte em projetos de software livre},
	 author={Meirelles, Paulo Roberto Miranda},
	 year={2013},
	 school={Universidade de S{\~a}o Paulo},
	 url={http://www.teses.usp.br/teses/disponiveis/45/45134/tde-27082013-090242/pt-br.php}
}

@article{meirelles2009crab,
	  title={Crab: Uma ferramenta de configura{\c{c}}{\~a}o e interpreta{\c{c}}{\~a}o de m{\'e}tricas de software para avalia{\c{c}}{\~a}o de qualidade de c{\'o}digo},
		author={Meirelles, Paulo RM and C{\'o}be, Raphael and Hanazumi, Simone and Nunes, Paulo and Challco, Geiser and Morais, Eduardo and Kon, Fabio},
		journal={XXIII SBES-Simp{\'o}sio Brasileiro de Engenharia de Software (XVI Sess{\~a}o de Ferramentas). Citado na p{\'a}g},
		volume={33},
		year={2009}
}

@article{vincenzi2003jabuti,
  title={JaBUTi: A coverage analysis tool for Java programs},
  author={Vincenzi, AMR and Wong, WE and Delamaro, ME and Maldonado, JC},
  journal={XVII SBES--Simp{\'o}sio Brasileiro de Engenharia de Software},
  pages={79--84},
  year={2003}
}

@mastersthesis{de2013kalibro,
  title={Kalibro: interpreta{\c{c}}{\~a}o de m{\'e}tricas de c{\'o}digo-fonte},
  author={de Oliveira Filho, Carlos Morais},
  year={2013},
  school={Universidade de S{\~a}o Paulo}
}

@inproceedings{terceiro2010analizo,
  title={Analizo: an extensible multi-language source code analysis and visualization toolkit},
  author={Terceiro, Antonio and Costa, Joenio and Miranda, Jo{\~a}o and Meirelles, Paulo and Rios, Luiz Rom{\'a}rio and Almeida, Lucianna and Chavez, Christina and Kon, Fabio},
  booktitle={Brazilian Conference on Software: Theory and Practice (CBSoft)--Tools, Salvador-Brazil},
  volume={29},
  year={2010}
}

@article{namiot2014micro,
  title={On Micro-services Architecture},
  author={Namiot, Dmitry and Sneps-Sneppe, Manfred},
  journal={International Journal of Open Information Technologies},
  volume={2},
  number={9},
  pages={24--27},
  year={2014}
}

@inproceedings{moura2013automated,
  title={Automated scalability testing of software as a service},
  author={Moura, Paulo and Kon, Fabio},
  booktitle={Automation of Software Test (AST), 2013 8th International Workshop on},
  pages={8--14},
  year={2013},
  organization={IEEE}
}

@inproceedings{li2012catalogue,
  title={On a catalogue of metrics for evaluating commercial cloud services},
  author={Li, Zheng and O'Brien, Liam and Zhang, He and Cai, Rainbow},
  booktitle={Proceedings of the 2012 ACM/IEEE 13th International Conference on Grid Computing},
  pages={164--173},
  year={2012},
  organization={IEEE Computer Society}
}

@book{beck2007,
  title = {Implementation Pattens},
  publisher = {Addison Wesley},
  year = {2007},
  author = {Kent Beck}
}

@book{martin2008,
  title = {Clean Code - A Handbook of Agile Software Craftsmanship},
  publisher = {Prentice Hall},
  year = {2008},
  author = {Robert C. Martin}
}

@TECHREPORT{SEI88,
  author = {Everald E. Mills},
  title = {{Software Metrics}},
  institution = {Software Engineering Institute},
  year = {1988},
  address = {SEI - Carnegie Mellon University}
}

@article{louridas2010,
  added-at = {2011-11-07T00:00:00.000+0100},
  author = {Louridas, Panagiotis},
  biburl = {http://www.bibsonomy.org/bibtex/236417a4150a9169fea455e95d7caa7eb/dblp},
  ee = {http://doi.ieeecomputersociety.org/10.1109/MS.2010.109},
  interhash = {bf43fabfd3df37232ba546f99df6790a},
  intrahash = {36417a4150a9169fea455e95d7caa7eb},
  journal = {IEEE Software},
  keywords = {dblp},
  number = 4,
  pages = {6-11},
  timestamp = {2011-11-07T00:00:00.000+0100},
  title = {Up in the Air: Moving Your Applications to the Cloud.},
  url = {http://dblp.uni-trier.de/db/journals/software/software27.html#Louridas10},
  volume = 27,
  year = 2010
}
