@article{naur1969software,
	  title={Software Engineering: Report of a conference sponsored by the NATO Science Committee, Garmisch, Germany, 7-11 Oct. 1968, Brussels, Scientific Affairs Division, NATO},
	  author={Naur, Peter and Randell, Brian},
	  year={1969}
}

@phdthesis{meirelles2013monitoramento,
	 title={Monitoramento de m{\'e}tricas de c{\'o}digo-fonte em projetos de software livre},
	 author={Meirelles, Paulo Roberto Miranda},
	 year={2013},
	 school={Universidade de S{\~a}o Paulo},
	 url={http://www.teses.usp.br/teses/disponiveis/45/45134/tde-27082013-090242/pt-br.php}
}

@article{meirelles2009crab,
	  title={Crab: Uma ferramenta de configura{\c{c}}{\~a}o e interpreta{\c{c}}{\~a}o de m{\'e}tricas de software para avalia{\c{c}}{\~a}o de qualidade de c{\'o}digo},
		author={Meirelles, Paulo RM and C{\'o}be, Raphael and Hanazumi, Simone and Nunes, Paulo and Challco, Geiser and Morais, Eduardo and Kon, Fabio},
		journal={XXIII SBES-Simp{\'o}sio Brasileiro de Engenharia de Software (XVI Sess{\~a}o de Ferramentas). Citado na p{\'a}g},
		volume={33},
		year={2009}
}
